%!TEX root = ../../main.tex
%

@inproceedings{history-of-haskell,
  author    = {Peyton Jones, Simon},
  title     = {A History of Haskell: being lazy with class},
  booktitle = {The Third ACM SIGPLAN History of Programming Languages Conference (HOPL-III)},
  year      = {2007},
  month     = {06},
  url       = {https://www.microsoft.com/en-us/research/publication/a-history-of-haskell-being-lazy-with-class/},
  edition   = {The Third ACM SIGPLAN History of Programming Languages Conference (HOPL-III)}
}