@misc{char-of-modern-web-app,
  author       = {Ardalis},
  month        = {12},
  title        = {Characteristics of modern web applications},
  url          = {https://docs.microsoft.com/en-us/dotnet/architecture/modern-web-apps-azure/modern-web-applications-characteristics},
  urldate      = {2021-01-29},
  year         = {2020},
  organization = {Microsoft.com}
}

@misc{gql-spec,
  title        = {GraphQL},
  url          = {https://spec.graphql.org/June2018/},
  urldate      = {2021-02-08},
  year         = {2018},
  organization = {Graphql.org}
}

@misc{gql-spec-input-unions,
  author       = {GraphQL},
  month        = {11},
  title        = {graphql/graphql-spec},
  url          = {https://github.com/graphql/graphql-spec/blob/master/rfcs/InputUnion.md},
  urldate      = {2021-01-23},
  year         = {2020},
  organization = {GitHub}
}

@misc{schema-directives,
  author       = {GraphQL Tools},
  title        = {Schema directives | GraphQL Tools},
  url          = {https://www.graphql-tools.com/docs/schema-directives/},
  urldate      = {2021-01-23},
  year         = {2021},
  organization = {Graphql-tools.com}
}