@misc{sof-sus-institute-maintainability,
  author       = {SSI},
  title        = {Developing maintainable software | Software Sustainability Institute},
  url          = {https://www.software.ac.uk/resources/guides/developing-maintainable-software},
  urldate      = {2021-01-29},
  year         = {2021},
  organization = {Software.ac.uk}
}

@misc{char-of-modern-web-app,
  author       = {Ardalis},
  month        = {12},
  title        = {Characteristics of modern web applications},
  url          = {https://docs.microsoft.com/en-us/dotnet/architecture/modern-web-apps-azure/modern-web-applications-characteristics},
  urldate      = {2021-01-29},
  year         = {2020},
  organization = {Microsoft.com}
}

@misc{tiobe-2021,
  author       = {TIOBE},
  title        = {Index | TIOBE - The Software Quality Company},
  url          = {https://www.tiobe.com/tiobe-index/},
  urldate      = {2021-01-26},
  year         = {2021},
  organization = {Tiobe.com}
}

@misc{blog-2013-why-haskell,
  author       = {Job Vranish},
  month        = {03},
  title        = {Why Haskell Is Worth Learning},
  url          = {https://spin.atomicobject.com/2013/03/05/why-haskell/},
  urldate      = {2021-01-26},
  year         = {2013},
  organization = {Atomic Spin}
}

@misc{haskell-humor,
  title        = {LearningCurve | HaskellWiki},
  url          = {https://wiki.haskell.org/Humor/LearningCurve},
  urldate      = {2021-01-26},
  year         = {2021},
  organization = {Haskell.org}
}


@misc{gql-hs-home,
  author       = {Eugen Wissner},
  title        = {Getting started | Caraus.tech},
  url          = {https://www.caraus.tech/projects/pub-graphql/wiki/Getting_started},
  urldate      = {2021-01-22},
  year         = {2019},
  organization = {Caraus.tech}
}

@misc{schema-directives,
  author       = {GraphQL Tools},
  title        = {Schema directives | GraphQL Tools},
  url          = {https://www.graphql-tools.com/docs/schema-directives/},
  urldate      = {2021-01-23},
  year         = {2021},
  organization = {Graphql-tools.com}
}

@misc{gql-spec-input-unions,
  author       = {GraphQL},
  month        = {11},
  title        = {graphql/graphql-spec},
  url          = {https://github.com/graphql/graphql-spec/blob/master/rfcs/InputUnion.md},
  urldate      = {2021-01-23},
  year         = {2020},
  organization = {GitHub}
}

@misc{gql-hs-hackage,
  author       = {J. Daniel Navarro, Eugen Wissner},
  title        = {Haskell GraphQL implementation},
  url          = {https://hackage.haskell.org/package/graphql},
  urldate      = {2021-01-18},
  year         = {2019},
  organization = {Hackage}
}

@misc{tlp-blog,
  author       = {Abhinav Sarkar},
  month        = {01},
  title        = {Solving Advent of Code “Handy Haversacks” in Type-level Haskell},
  url          = {https://abhinavsarkar.net/posts/type-level-haskell-aoc7/},
  urldate      = {2021-01-21},
  year         = {2021},
  organization = {abhinavsarkar.net}
}

@misc{ghc-generics,
  title        = {GHC.Generics},
  url          = {https://hackage.haskell.org/package/base-4.14.1.0/docs/GHC-Generics.html},
  urldate      = {2021-01-21},
  year         = {2011},
  organization = {Haskell.org}
}

@misc{wiki-hs-ctrex,
  title        = {CTRex | HaskellWiki},
  url          = {https://wiki.haskell.org/CTRex},
  urldate      = {2021-01-14},
  year         = {2013},
  organization = {Haskell.org}
}

@misc{mu-hs-docs,
  title        = {GraphQL services | Mu-Haskell},
  url          = {https://higherkindness.io/mu-haskell/graphql/},
  urldate      = {2021-01-17},
  year         = {2021},
  organization = {Mu-Haskell: GraphQL services}
}

@misc{ghc-gitlub-basics,
  title        = {Basics | Wiki GHC},
  month        = {03},
  url          = {https://gitlab.haskell.org/ghc/ghc/-/wikis/type-nats/basics},
  urldate      = {2021-01-14},
  year         = {2019},
  organization = {GitLab}
}

@misc{ghc-docs-type-level-literals,
  author       = {GHCTeam},
  title        = {Type-Level Literals | Glasgow Haskell Compiler User's Guide},
  url          = {https://ghc.gitlab.haskell.org/ghc/doc/users_guide/exts/type_literals.html},
  urldate      = {2021-01-14},
  year         = {2020},
  organization = {Haskell.org}
}

@misc{basic-tlp,
  author       = {Matt Parsons},
  title        = {Basic Type Level Programming in Haskell},
  url          = {https://www.parsonsmatt.org/2017/04/26/basic_type_level_programming_in_haskell.html},
  urldate      = {2021-01-14},
  year         = {2017},
  organization = {Parsonsmatt.org}
}

@misc{github-lib-gql-api,
  author       = {Thomas E. Hunger , Jonathan M. Lange},
  month        = {11},
  title        = {haskell-graphql/graphql-api},
  url          = {https://github.com/haskell-graphql/graphql-api},
  urldate      = {2021-01-03},
  year         = {2019},
  organization = {GitHub}
}

@misc{hackage-aeson,
  title        = {Data.Aeson},
  url          = {https://hackage.haskell.org/package/aeson-0.6.1.0/docs/Data-Aeson.html},
  urldate      = {2021-01-03},
  year         = {2021},
  organization = {Haskell.org}
}

@misc{fpcomplete-aeson,
  author       = {FPComplete},
  title        = {Aeson | FP Complete},
  url          = {https://www.fpcomplete.com/haskell/library/aeson/},
  urldate      = {2021-01-03},
  year         = {2021},
  organization = {FP Complete}
}

@misc{oracle-n-plus-1,
  author       = {Oliver Charles},
  title        = {Queries in Loops Without a Care in the World},
  url          = {https://ocharles.org.uk/blog/posts/2014-03-24-queries-in-loops-without-a-care-in-the-world.html},
  urldate      = {2021-01-01},
  year         = {2021},
  organization = {Ocharles.org.uk}
}

@misc{blog-n-plus-1,
  author       = {Markus Winand},
  title        = {Nested Loops, ORMs and the N+1 Problem in ORMs},
  url          = {https://use-the-index-luke.com/sql/join/nested-loops-join-n1-problem},
  urldate      = {2021-01-01},
  year         = {2021},
  organization = {Use-the-index-luke.com}
}

@misc{github_haxl-sql,
  author       = {Facebook},
  title        = {Facebook/Haxl},
  url          = {https://github.com/facebook/Haxl/blob/master/example/sql/readme.md},
  urldate      = {2020-12-30},
  year         = {2020},
  organization = {GitHub}
}

@misc{grpc-about,
  author       = {About gRPC},
  title        = {About gRPC},
  url          = {https://grpc.io/about/},
  urldate      = {2021-02-08},
  year         = {2015},
  organization = {gRPC}
}

@misc{haskell-homepage,
  title        = {Haskell Language},
  url          = {https://www.haskell.org/},
  urldate      = {2021-02-08},
  year         = {2014},
  organization = {Haskell.org}
}

@misc{gql-spec,
  title        = {GraphQL},
  url          = {https://spec.graphql.org/June2018/},
  urldate      = {2021-02-08},
  year         = {2018},
  organization = {Graphql.org}
}


@misc{hackage-data-text,
  title        = {Data.Text},
  url          = {https://hackage.haskell.org/package/text-1.2.4.0/docs/Data-Text.html},
  urldate      = {2021-02-08},
  year         = {2011},
  organization = {Haskell.org}
}

@misc{string-types-fpcomplete,
  author       = {FPComplete},
  title        = {String Types},
  url          = {https://www.fpcomplete.com/haskell/tutorial/string-types/},
  urldate      = {2021-02-08},
  year         = {2016},
  organization = {FP Complete}
}

@misc{string-types-alexeyshmalko,
  author       = {Alexey Shmalko},
  title        = {Haskell String Types},
  url          = {https://www.alexeyshmalko.com/2015/haskell-string-types/},
  urldate      = {2021-02-08},
  year         = {2015},
  organization = {Alexeyshmalko.com}
}

@misc{fsharp-unit,
  author       = {Cartermp},
  month        = {05},
  title        = {Unit Type - F\#},
  url          = {https://docs.microsoft.com/en-us/dotnet/fsharp/language-reference/unit-type},
  urldate      = {2021-02-08},
  year         = {2016},
  organization = {Microsoft.com}
}